<?xml version="1.0" encoding="UTF-8"?><collection xmlns="http://www.loc.gov/MARC21/slim"><record><leader>00378nam--2200133-i-4500</leader><controlfield tag="001">000025958</controlfield><controlfield tag="002">20161230</controlfield><controlfield tag="005">20161230201036</controlfield><controlfield tag="008">060222s1000------------r-----000-0-eng-d</controlfield><datafield ind1=" " ind2=" " tag="080"><subfield code="a">001.89(4)</subfield></datafield><datafield ind1=" " ind2=" " tag="245"><subfield code="a">Eastern europe. a reference guide to science and technology in eastern europe</subfield></datafield><datafield ind1=" " ind2=" " tag="260"><subfield code="a">Harlow, Essex/ Francis Hodgson, 1979. 320p</subfield></datafield><datafield ind1=" " ind2=" " tag="700"><subfield code="a">Jones, E. G</subfield></datafield><datafield ind1=" " ind2=" " tag="852"><subfield code="a">47038</subfield></datafield></record></collection>